@book{NoCiteGoProgramming,
    title = {The Go Programming Language},
    author = {Alan Donovan, Brian Kernighan},
    year = {2016},
    isbn={978-0-13-419044-0},
    publisher = {Addison-Wesley},
   note = "fecha de consulta: 8/6/2021 "
}

@book{RefactorinUI,
    title = {Refactoring UI},
    author = {Adam Wathan, Steve Schoger},
    year = {2018},
   note = "fecha de consulta: 5/11/2021 "
}
@book{UnderstandEcmascript6,
    title = {Understanding EXMASCRIPT 6},
    author = {Nicholas C. Zakas},
    year = {2016},
    isbn={1-59327-757-1},
    publisher = {No starch press},
   note = "fecha de consulta: 8/5/2021 "
}

@book{TheRoadReact,
    title = {the Road to learn React},
    author = {Robin Wieruch},
    year = {2016},
    publisher = {Leanpub},
   note = "fecha de consulta: 8/5/2021 "
}


@online{posenerBlog,
    author = "Eyal Posener",
    title = "HTTP/2 Adventure in the Go World",
    url  = "https://posener.github.io/http2/",
    year = "2018",
    note = "Online; fecha de consulta: 12/1/2022 "
}


@online{posenerH2xonn,
    author = "Eyal Posener",
    title = "posener/h2conn",
    url  = "https://github.com/posener/h2conn",
    year = "2019",
    note = "Online; fecha de consulta: 12/1/2022 "
}

@online{http2GoOficial,
    author = "Google",
    title = "http2",
    url  = "https://pkg.go.dev/golang.org/x/net/http2",
    note = "Online; fecha de consulta: 10/1/2022 "
}

@online{CORSDjango,
    author = "stackhawk",
    title = "Django CORS Guide",
    url  = "https://www.stackhawk.com/blog/django-cors-guide/",
    note = "Online; fecha de consulta: 21/2/2022 "
}

@online{CORSDjangoGeeks,
    author = "GeeksforGeeks",
    title = "How to enable CORS headers in your Django Project?",
    url  = "https://www.geeksforgeeks.org/how-to-enable-cors-headers-in-your-django-project/",
    note = "Online; fecha de consulta: 21/2/2022 "
}


@online{GoOficial2,
    author = "Google",
    title = "Documentation",
    url  = "https://go.dev/doc/",
    note = "Online; fecha de consulta: 21/31/2022 "
}


@INPROCEEDINGS{6253535,
    author={van der Veen, Jan Sipke and van der Waaij, Bram and Meijer, Robert J.},
    booktitle={2012 IEEE Fifth International Conference on Cloud Computing},
    title={Sensor Data Storage Performance: SQL or NoSQL, Physical or Virtual},
    year={2012},
    volume={},
    url="https://ieeexplore.ieee.org/document/6253535",
    number={},
    pages={431-438},
    doi={10.1109/CLOUD.2012.18}
}

