
@online{Lacey,
    author    = "Dr.S. J. Lacey",
    title     = "The Role of Vibration Monitoring in Predictive Maintenance",
    url       = "https://www.schaeffler.com/remotemedien/media/_shared_media/08_media_library/01_publications/schaeffler_2/technicalpaper_1/download_1/the_role_of_vibration_monitoring.pdf",
    keywords  = "schaeffler",
    note = "Schaeffler Group, es un fabricante alem√°n de rodamientos, de elementos rodantes para usos automotrices, aeroespaciales e industriales.  https://www.schaeffler.com/fork/",
    note = "fecha de consulta: 14/4/2021"
}


@inbook{Kammermann,
	author = "J. Kammermann and I. Bolvashenkov and S. Schwimmbeck and H. -. Herzog",
	title = "Reliability of induction machines: Statistics, tendencies, and perspectives",
	booktitle={2017 IEEE 26th International Symposium on Industrial Electronics (ISIE)},
	year="2017",
	volume="",  
	number="",  
	pages="1843-1847",  
	doi="10.1109/ISIE.2017.8001529",
	note = "fecha de consulta: 15/4/2021"
}



